
% Journals

% First the Full Name is given, then the abbreviation used in the AMS Math
% Reviews, with an indication if it could not be found there.
% Note the 2nd overwrites the 1st, so swap them if you want the full name.

 %{AMS}
 @String{AMSTrans = "American Mathematical Society Translations" }
 @String{AMSTrans = "Amer. Math. Soc. Transl." }
 @String{BullAMS = "Bulletin of the American Mathematical Society" }
 @String{BullAMS = "Bull. Amer. Math. Soc." }
 @String{ProcAMS = "Proceedings of the American Mathematical Society" }
 @String{ProcAMS = "Proc. Amer. Math. Soc." }
 @String{TransAMS = "Transactions of the American Mathematical Society" }
 @String{TransAMS = "Trans. Amer. Math. Soc." }

 %ACM
 @String{CACM = "Communications of the {ACM}" }
 @String{CACM = "Commun. {ACM}" }
 @String{CompServ = "Comput. Surveys" }
 @String{JACM = "J. ACM" }
 @String{ACMMathSoft = "{ACM} Transactions on Mathematical Software" }
 @String{ACMMathSoft = "{ACM} Trans. Math. Software" }
 @String{SIGNUM = "{ACM} {SIGNUM} Newsletter" }
 @String{SIGNUM = "{ACM} {SIGNUM} Newslett." }

 @String{AmerSocio = "American Journal of Sociology" }
 @String{AmerStatAssoc = "Journal of the American Statistical Association" }
 @String{AmerStatAssoc = "J. Amer. Statist. Assoc." }
 @String{ApplMathComp = "Applied Mathematics and Computation" }
 @String{ApplMathComp = "Appl. Math. Comput." }
 @String{AmerMathMonthly = "American Mathematical Monthly" }
 @String{AmerMathMonthly = "Amer. Math. Monthly" }
 @String{BIT = "{BIT}" }
 @String{BritStatPsych = "British Journal of Mathematical and Statistical
          Psychology" }
 @String{BritStatPsych = "Brit. J. Math. Statist. Psych." }
 @String{CanMathBull = "Canadian Mathematical Bulletin" }
 @String{CanMathBull = "Canad. Math. Bull." }
 @String{CompApplMath = "Journal of Computational and Applied Mathematics" }
 @String{CompApplMath = "J. Comput. Appl. Math." }
 @String{CompPhys = "Journal of Computational Physics" }
 @String{CompPhys = "J. Comput. Phys." }
 @String{CompStruct = "Computers and Structures" }
 @String{CompStruct = "Comput. \& Structures" }
 @String{CompJour = "The Computer Journal" }
 @String{CompJour = "Comput. J." }
 @String{CompSysSci = "Journal of Computer and System Sciences" }
 @String{CompSysSci = "J. Comput. System Sci." }
 @String{Computing = "Computing" }
 @String{ContempMath = "Contemporary Mathematics" }
 @String{ContempMath = "Contemp. Math." }
 @String{Crelle = "Crelle's Journal" }
 @String{GiornaleMath = "Giornale di Mathematiche" }
 @String{GiornaleMath = "Giorn. Mat." } % didn't find in AMS MR., ibid.

 %IEEE
 @String{Computer = "{IEEE} Computer" }
 @String{IEEETransComp = "{IEEE} Transactions on Computers" }
 @String{IEEETransComp = "{IEEE} Trans. Comput." }
 @String{IEEETransAC = "{IEEE} Transactions on Automatic Control" }
 @String{IEEETransAC = "{IEEE} Trans. Automat. Control" }
 @String{IEEESpec = "{IEEE} Spectrum" } % didn't find in AMS MR
 @String{ProcIEEE = "Proceedings of the {IEEE}" }
 @String{ProcIEEE = "Proc. {IEEE}" } % didn't find in AMS MR
 @String{IEEETransAeroElec = "{IEEE} Transactions on Aerospace and Electronic
     Systems" }
 @String{IEEETransAeroElec = "{IEEE} Trans. Aerospace Electron. Systems" }

 @String{IMANumerAna = "{IMA} Journal of Numerical Analysis" }
 @String{IMANumerAna = "{IMA} J. Numer. Anal." }
 @String{InfProcLet = "Information Processing Letters" }
 @String{InfProcLet = "Inform. Process. Lett." }
 @String{InstMathApp = "Journal of the Institute of Mathematics and
     its Applications" }
 @String{InstMathApp = "J. Inst. Math. Appl." }
 @String{IntControl = "International Journal of Control" }
 @String{IntControl = "Internat. J. Control" }
 @String{IntNumerEng = "International Journal for Numerical Methods in
     Engineering" }
 @String{IntNumerEng = "Internat. J. Numer. Methods Engrg." }
 @String{IntSuper = "International Journal of Supercomputing Applications" }
 @String{IntSuper = "Internat. J. Supercomputing Applic." } % didn't find
%% in AMS MR
 @String{Kibernetika = "Kibernetika" }
 @String{JResNatBurStand = "Journal of Research of the National Bureau
     of Standards" }
 @String{JResNatBurStand = "J. Res. Nat. Bur. Standards" }
 @String{LinAlgApp = "Linear Algebra and its Applications" }
 @String{LinAlgApp = "Linear Algebra Appl." }
 @String{MathAnaAppl = "Journal of Mathematical Analysis and Applications" }
 @String{MathAnaAppl = "J. Math. Anal. Appl." }
 @String{MathAnnalen = "Mathematische Annalen" }
 @String{MathAnnalen = "Math. Ann." }
 @String{MathPhys = "Journal of Mathematical Physics" }
 @String{MathPhys = "J. Math. Phys." }
 @String{MathComp = "Mathematics of Computation" }
 @String{MathComp = "Math. Comp." }
 @String{MathScand = "Mathematica Scandinavica" }
 @String{MathScand = "Math. Scand." }
 @String{TablesAidsComp = "Mathematical Tables and Other Aids to Computation" }
 @String{TablesAidsComp = "Math. Tables Aids Comput." }
 @String{NumerMath = "Numerische Mathematik" }
 @String{NumerMath = "Numer. Math." }
 @String{PacificMath = "Pacific Journal of Mathematics" }
 @String{PacificMath = "Pacific J. Math." }
 @String{ParDistComp = "Journal of Parallel and Distributed Computing" }
 @String{ParDistComp = "J. Parallel and Distrib. Comput." } % didn't find
%% in AMS MR
 @String{ParComputing = "Parallel Computing" }
 @String{ParComputing = "Parallel Comput." }
 @String{PhilMag = "Philosophical Magazine" }
 @String{PhilMag = "Philos. Mag." }
 @String{ProcNAS = "Proceedings of the National Academy of Sciences
                    of the USA" }
 @String{ProcNAS = "Proc. Nat. Acad. Sci. U. S. A." }
 @String{Psychometrika = "Psychometrika" }
 @String{QuartMath = "Quarterly Journal of Mathematics, Oxford, Series (2)" }
 @String{QuartMath = "Quart. J. Math. Oxford Ser. (2)" }
 @String{QuartApplMath = "Quarterly of Applied Mathematics" }
 @String{QuartApplMath = "Quart. Appl. Math." }
 @String{RevueInstStat = "Review of the International Statisical Institute" }
 @String{RevueInstStat = "Rev. Inst. Internat. Statist." }

 %SIAM
 @String{JSIAM = "Journal of the Society for Industrial and Applied
     Mathematics" }
 @String{JSIAM = "J. Soc. Indust. Appl. Math." }
 @String{JSIAMB = "Journal of the Society for Industrial and Applied
     Mathematics, Series B, Numerical Analysis" }
 @String{JSIAMB = "J. Soc. Indust. Appl. Math. Ser. B Numer. Anal." }
 @String{SIAMAlgMeth = "{SIAM} Journal on Algebraic and Discrete Methods" }
 @String{SIAMAlgMeth = "{SIAM} J. Algebraic Discrete Methods" }
 @String{SIAMAppMath = "{SIAM} Journal on Applied Mathematics" }
 @String{SIAMAppMath = "{SIAM} J. Appl. Math." }
 @String{SIAMComp = "{SIAM} Journal on Computing" }
 @String{SIAMComp = "{SIAM} J. Comput." }
 @String{SIAMMatrix = "{SIAM} Journal on Matrix Analysis and Applications" }
 @String{SIAMMatrix = "{SIAM} J. Matrix Anal. Appl." }
 @String{SIAMNumAnal = "{SIAM} Journal on Numerical Analysis" }
 @String{SIAMNumAnal = "{SIAM} J. Numer. Anal." }
 @String{SIAMReview = "{SIAM} Review" }
 @String{SIAMReview = "{SIAM} Rev." }
 @String{SIAMSciStat = "{SIAM} Journal on Scientific and Statistical
     Computing" }
 @String{SIAMSciStat = "{SIAM} J. Sci. Statist. Comput." }

 @String{SoftPracExp = "Software Practice and Experience" }
 @String{SoftPracExp = "Software Prac. Experience" } % didn't find in AMS MR
 @String{StatScience = "Statistical Science" }
 @String{StatScience = "Statist. Sci." }
 @String{Techno = "Technometrics" }
 @String{USSRCompMathPhys = "{USSR} Computational Mathematics and Mathematical
     Physics" }
 @String{USSRCompMathPhys = "{U. S. S. R.} Comput. Math. and Math. Phys." }
 @String{VLSICompSys = "Journal of {VLSI} and Computer Systems" }
 @String{VLSICompSys = "J. {VLSI} Comput. Syst." }
 @String{ZAngewMathMech = "Zeitschrift fur Angewandte Mathematik und
     Mechanik" }
 @String{ZAngewMathMech = "Z. Angew. Math. Mech." }
 @String{ZAngewMathPhys = "Zeitschrift fur Angewandte Mathematik und Physik" }
 @String{ZAngewMathPhys = "Z. Angew. Math. Phys." }

% Publishers % ================================================= |

 @String{Academic = "Academic Press" }
 @String{ACMPress = "{ACM} Press" }
 @String{AdamHilger = "Adam Hilger" }
 @String{AddisonWesley = "Addison-Wesley" }
 @String{AllynBacon = "Allyn and Bacon" }
 @String{AMS = "American Mathematical Society" }
 @String{Birkhauser = "Birkha{\"u}ser" }
 @String{CambridgePress = "Cambridge University Press" }
 @String{Chelsea = "Chelsea" }
 @String{ClaredonPress = "Claredon Press" }
 @String{DoverPub = "Dover Publications" }
 @String{Eyolles = "Eyolles" }
 @String{HoltRinehartWinston = "Holt, Rinehart and Winston" }
 @String{Interscience = "Interscience" }
 @String{JohnsHopkinsPress = "The Johns Hopkins University Press" }
 @String{JohnWileySons = "John Wiley and Sons" }
 @String{Macmillan = "Macmillan" }
 @String{MathWorks = "The Math Works Inc." }
 @String{McGrawHill = "McGraw-Hill" }
 @String{NatBurStd = "National Bureau of Standards" }
 @String{NorthHolland = "North-Holland" }
 @String{OxfordPress = "Oxford University Press" }  %address Oxford or London?
 @String{PergamonPress = "Pergamon Press" }
 @String{PlenumPress = "Plenum Press" }
 @String{PrenticeHall = "Prentice-Hall" }
 @String{SIAMPub = "{SIAM} Publications" }
 @String{Springer = "Springer-Verlag" }
 @String{TexasPress = "University of Texas Press" }
 @String{VanNostrand = "Van Nostrand" }
 @String{WHFreeman = "W. H. Freeman and Co." }

%Entries

%When citing paper, try to find the Bibtex so that you don't have to manually fill these fields, just copy and paste.
%%%%%%%%%%%%%%%%%%%%%%%%%%%%%%%%%%%%%%%%%%%%%%%%%%%%%%%%%%%%%%%%%%%%%%%%%%%%
% Common journal / publisher macros (use or delete as you like)
%%%%%%%%%%%%%%%%%%%%%%%%%%%%%%%%%%%%%%%%%%%%%%%%%%%%%%%%%%%%%%%%%%%%%%%%%%%%
@String{CACM          = "Commun. ACM"}
@String{JACM          = "J. ACM"}
@String{Computer      = "IEEE Computer"}
@String{IEEETransComp = "IEEE Trans. Comput."}
@String{ProcIEEE      = "Proc. IEEE"}
@String{SIAMComp      = "SIAM J. Comput."}
@String{ACMPress      = "{ACM} Press"}
@String{AddisonWesley = "Addison-Wesley"}

%%%%%%%%%%%%%%%%%%%%%%%%%%%%%%%%%%%%%%%%%%%%%%%%%%%%%%%%%%%%%%%%%%%%%%%%%%%%
% Book & website cited in the template
%%%%%%%%%%%%%%%%%%%%%%%%%%%%%%%%%%%%%%%%%%%%%%%%%%%%%%%%%%%%%%%%%%%%%%%%%%%%
@book{bishop2003,
  title     = {Computer Security: Art and Science},
  author    = {Matt Bishop},
  publisher = AddisonWesley,
  year      = {2003},
  isbn      = {9780201440997}
}

@misc{umass,
  author       = {{UMass Amherst}},
  title        = {UMass Website},
  year         = {2024},
  howpublished = {\url{https://www.umass.edu/}},
  note         = {Accessed 25~Mar~2024}
}

%%%%%%%%%%%%%%%%%%%%%%%%%%%%%%%%%%%%%%%%%%%%%%%%%%%%%%%%%%%%%%%%%%%%%%%%%%%%
% 10 research-paper sources for “Threats & Defenses of Backdoor Attacks in ML”
%%%%%%%%%%%%%%%%%%%%%%%%%%%%%%%%%%%%%%%%%%%%%%%%%%%%%%%%%%%%%%%%%%%%%%%%%%%%
@inproceedings{casestudy_walter_2024,
author = {Walter, Kane and Mohammady, Meisam and Nepal, Surya and Kanhere, Salil S.},
title = {Mitigating Distributed Backdoor Attack in Federated Learning Through Mode Connectivity},
year = {2024},
isbn = {9798400704826},
publisher = {Association for Computing Machinery},
address = {New York, NY, USA},
url = {https://doi.org/10.1145/3634737.3637682},
doi = {10.1145/3634737.3637682},
booktitle = {Proceedings of the 19th ACM Asia Conference on Computer and Communications Security},
pages = {1287–1298},
numpages = {12},
keywords = {federated learning, backdoor attack, mode connectivity},
location = {Singapore, Singapore},
series = {ASIA CCS '24}
}


@article{background_oprea_2022,
  author={Oprea, Alina and Singhal, Anoop and Vassilev, Apostol},
  journal={Computer}, 
  title={Poisoning Attacks Against Machine Learning: Can Machine Learning Be Trustworthy?},
  volume  = {55},
  number  = {11},
  pages   = {94-99},
  year    = {2022},
  doi     = {10.1109/MC.2022.3190787}
}

@article{background_attack_defense_cina_2024,
  author={Cinà, Antonio Emanuele and Grosse, Kathrin and Demontis, Ambra and Biggio, Battista and Roli, Fabio and Pelillo, Marcello},
  journal={Computer}, 
  title={Machine Learning Security Against Data Poisoning: Are We There Yet?},
  volume  = {57},
  number  = {3},
  pages   = {26-34},
  year    = {2024},
  doi     = {10.1109/MC.2023.3299572}
}

@article{background_attack_defense_goldblum_2023,
  title     = {Dataset Security for Machine Learning: Data Poisoning, Backdoor Attacks, and Defenses},
  author    = {Micah Goldblum and Dimitris Tsipras and Chulin Xie and Xinyun Chen and Avi Schwarzschild and Dawn Song and Aleksander Madry and Bo Li and Tom Goldstein},
  journal   = {IEEE Transactions on Pattern Analysis \& Machine Intelligence},
  volume    = {45},
  number    = {2},
  pages     = {1563-1580},
  ISSN      = {1939-3539},
  doi       = {10.1109/TPAMI.2022.3162397},
  publisher = {IEEE Computer Society},
  address   = {Los Alamitos, CA, USA},
  month     = feb,
  year      = {2023}
}

@inproceedings{casestudy_defense_gill_2023,
  author    = {Gill, Waris and Anwar, Ali and Gulzar, Muhammad Ali},
  title     = {FedDefender: Backdoor Attack Defense in Federated Learning},
  booktitle = {Proceedings of the 1st International Workshop on Dependability and Trustworthiness of Safety-Critical Systems with Machine Learned Components},
  address   = {New York, NY, USA},
  pages     = {6-9},
  numpages  = {4},
  year      = {2023},
  publisher = {Association for Computing Machinery},
  doi       = {10.1145/3617574.3617858},
  location  = {San Francisco, CA, USA},
  isbn      = {9798400703799}
}

@inproceedings{defense_shamshiri_2024,
  title     = {Defense Method Challenges Against Backdoor Attacks in Neural Networks},
  author    = {Shamshiri, Samaneh and Sohn, Insoo},
  booktitle = {2024 International Conference on Artificial Intelligence in Information and Communication (ICAIIC)},
  year      = {2024},
  publisher = {IEEE},
  pages     = {396-400},
  doi       = {10.1109/ICAIIC60209.2024.10463411}
}

@article{background_attack_defense_xue_2020,
  title   = {Machine Learning Security: Threats, Countermeasures, and Evaluations},
  author  = {Xue, Mingfu and Yuan, Chengxiang and Wu, Heyi and Zhang, Yushu and Liu, Weiqiang},
  journal = {IEEE Access},
  volume  = {8},
  pages   = {74720-74742},
  year    = {2020},
  doi     = {10.1109/ACCESS.2020.2987435}
}

@article{attack_defense_wang_2023,
  title   = {Backdoor Attacks to Deep Learning Models and Countermeasures: A Survey},
  author  = {Li, Yudong and Zhang, Shigeng and Wang, Weiping and Song, Hong},
  journal = {IEEE Open Journal of the Computer Society},
  volume  = {4},
  pages   = {134-146},
  year    = {2023},
  doi     = {10.1109/OJCS.2023.3267221}
}

@inproceedings{defense_malware_nguyen_2025,
  title     = {PBP: Post-training Backdoor Purification for Malware Classifiers},
  author    = {Dung Thuy Nguyen and Ngoc N. Tran and Taylor T. Johnson and Kevin Leach},
  booktitle = {Network and Distributed System Security Symposium (NDSS 2025)},
  address   = {San Diego, CA},
  month     = feb,
  year      = {2025},
  doi       = {10.14722/ndss.2025.240603}
}

@inproceedings{attack_salem_2022,
  title     = {Dynamic Backdoor Attacks Against Machine Learning Models},
  author    = {Salem, Ahmed and Wen, Rui and Backes, Michael and Ma, Shiqing and Zhang, Yang},
  booktitle = {2022 IEEE 7th European Symposium on Security and Privacy (EuroS&P)},
  pages     = {703-718},
  year      = {2022},
  publisher = {IEEE},
  doi       = {10.1109/EuroSP53844.2022.00049}
}